%YAML 1.1
%TAG !u! tag:unity3d.com,2011:
--- !u!1 &7179921971620415482
GameObject:
  m_ObjectHideFlags: 0
  m_CorrespondingSourceObject: {fileID: 0}
  m_PrefabInstance: {fileID: 0}
  m_PrefabAsset: {fileID: 0}
  serializedVersion: 6
  m_Component:
  - component: {fileID: 7179921971620415483}
  - component: {fileID: 7179921971620415480}
  m_Layer: 0
  m_Name: LeftEyeAnchor
  m_TagString: Untagged
  m_Icon: {fileID: 0}
  m_NavMeshLayer: 0
  m_StaticEditorFlags: 0
  m_IsActive: 1
--- !u!4 &7179921971620415483
Transform:
  m_ObjectHideFlags: 0
  m_CorrespondingSourceObject: {fileID: 0}
  m_PrefabInstance: {fileID: 0}
  m_PrefabAsset: {fileID: 0}
  m_GameObject: {fileID: 7179921971620415482}
  m_LocalRotation: {x: 0, y: 0, z: 0, w: 1}
  m_LocalPosition: {x: 0, y: 0, z: 0}
  m_LocalScale: {x: 1, y: 1, z: 1}
  m_Children: []
  m_Father: {fileID: 7179921973198650300}
  m_RootOrder: 0
  m_LocalEulerAnglesHint: {x: 0, y: 0, z: 0}
--- !u!20 &7179921971620415480
Camera:
  m_ObjectHideFlags: 0
  m_CorrespondingSourceObject: {fileID: 0}
  m_PrefabInstance: {fileID: 0}
  m_PrefabAsset: {fileID: 0}
  m_GameObject: {fileID: 7179921971620415482}
  m_Enabled: 0
  serializedVersion: 2
  m_ClearFlags: 1
  m_BackGroundColor: {r: 0.19215687, g: 0.3019608, b: 0.4745098, a: 0}
  m_projectionMatrixMode: 1
  m_GateFitMode: 2
  m_FOVAxisMode: 0
  m_SensorSize: {x: 36, y: 24}
  m_LensShift: {x: 0, y: 0}
  m_FocalLength: 50
  m_NormalizedViewPortRect:
    serializedVersion: 2
    x: 0
    y: 0
    width: 1
    height: 1
  near clip plane: 0.3
  far clip plane: 1000
  field of view: 60
  orthographic: 0
  orthographic size: 5
  m_Depth: 0
  m_CullingMask:
    serializedVersion: 2
    m_Bits: 4294967295
  m_RenderingPath: -1
  m_TargetTexture: {fileID: 0}
  m_TargetDisplay: 0
  m_TargetEye: 1
  m_HDR: 0
  m_AllowMSAA: 1
  m_AllowDynamicResolution: 0
  m_ForceIntoRT: 0
  m_OcclusionCulling: 1
  m_StereoConvergence: 10
  m_StereoSeparation: 0.022
--- !u!1 &7179921971662189581
GameObject:
  m_ObjectHideFlags: 0
  m_CorrespondingSourceObject: {fileID: 0}
  m_PrefabInstance: {fileID: 0}
  m_PrefabAsset: {fileID: 0}
  serializedVersion: 6
  m_Component:
  - component: {fileID: 7179921971662189579}
  - component: {fileID: 7179921971662189622}
  - component: {fileID: 7179921971662189577}
  m_Layer: 0
  m_Name: OVRCameraRig
  m_TagString: Untagged
  m_Icon: {fileID: 0}
  m_NavMeshLayer: 0
  m_StaticEditorFlags: 0
  m_IsActive: 1
--- !u!4 &7179921971662189579
Transform:
  m_ObjectHideFlags: 0
  m_CorrespondingSourceObject: {fileID: 0}
  m_PrefabInstance: {fileID: 0}
  m_PrefabAsset: {fileID: 0}
  m_GameObject: {fileID: 7179921971662189581}
  m_LocalRotation: {x: 0, y: 0, z: 0, w: 1}
  m_LocalPosition: {x: 0, y: 0, z: 0}
  m_LocalScale: {x: 1, y: 1, z: 1}
  m_Children:
  - {fileID: 7179921973198650300}
  m_Father: {fileID: 0}
  m_RootOrder: 0
  m_LocalEulerAnglesHint: {x: 0, y: 0, z: 0}
--- !u!114 &7179921971662189622
MonoBehaviour:
  m_ObjectHideFlags: 0
  m_CorrespondingSourceObject: {fileID: 0}
  m_PrefabInstance: {fileID: 0}
  m_PrefabAsset: {fileID: 0}
  m_GameObject: {fileID: 7179921971662189581}
  m_Enabled: 1
  m_EditorHideFlags: 0
  m_Script: {fileID: 11500000, guid: df9f338034892c44ebb62d97894772f1, type: 3}
  m_Name: 
  m_EditorClassIdentifier: 
  usePerEyeCameras: 0
  useFixedUpdateForTracking: 0
  disableEyeAnchorCameras: 0
--- !u!114 &7179921971662189577
MonoBehaviour:
  m_ObjectHideFlags: 0
  m_CorrespondingSourceObject: {fileID: 0}
  m_PrefabInstance: {fileID: 0}
  m_PrefabAsset: {fileID: 0}
  m_GameObject: {fileID: 7179921971662189581}
  m_Enabled: 1
  m_EditorHideFlags: 0
  m_Script: {fileID: 11500000, guid: 7e933e81d3c20c74ea6fdc708a67e3a5, type: 3}
  m_Name: 
  m_EditorClassIdentifier: 
  useRecommendedMSAALevel: 0
  _monoscopic: 0
  minRenderScale: 0.7
  maxRenderScale: 1
  _headPoseRelativeOffsetRotation: {x: 0, y: 0, z: 0}
  _headPoseRelativeOffsetTranslation: {x: 0, y: 0, z: 0}
  profilerTcpPort: 32419
  expandMixedRealityCapturePropertySheet: 1
  enableMixedReality: 1
  compositionMethod: 0
  extraHiddenLayers:
    serializedVersion: 2
    m_Bits: 0
  extraVisibleLayers:
    serializedVersion: 2
    m_Bits: 0
  dynamicCullingMask: 1
  externalCompositionBackdropColorRift: {r: 0, g: 1, b: 0, a: 1}
  externalCompositionBackdropColorQuest: {r: 0, g: 0, b: 0, a: 0}
  capturingCameraDevice: 0
  flipCameraFrameHorizontally: 0
  flipCameraFrameVertically: 0
  handPoseStateLatency: 0
  sandwichCompositionRenderLatency: 0
  sandwichCompositionBufferedFrames: 8
  chromaKeyColor: {r: 0, g: 1, b: 0, a: 1}
  chromaKeySimilarity: 0.6
  chromaKeySmoothRange: 0.03
  chromaKeySpillRange: 0.06
  useDynamicLighting: 0
  depthQuality: 1
  dynamicLightingSmoothFactor: 8
  dynamicLightingDepthVariationClampingValue: 0.001
  virtualGreenScreenType: 0
  virtualGreenScreenTopY: 10
  virtualGreenScreenBottomY: -10
  virtualGreenScreenApplyDepthCulling: 0
  virtualGreenScreenDepthTolerance: 0.2
  mrcActivationMode: 0
  isInsightPassthroughEnabled: 1
  _trackingOriginType: 1
  usePositionTracking: 1
  useRotationTracking: 1
  useIPDInPositionTracking: 1
  resetTrackerOnLoad: 1
  AllowRecenter: 1
  LateControllerUpdate: 1
--- !u!1 &7179921971686509342
GameObject:
  m_ObjectHideFlags: 0
  m_CorrespondingSourceObject: {fileID: 0}
  m_PrefabInstance: {fileID: 0}
  m_PrefabAsset: {fileID: 0}
  serializedVersion: 6
  m_Component:
  - component: {fileID: 7179921971686509343}
  m_Layer: 0
  m_Name: LeftControllerAnchor
  m_TagString: Untagged
  m_Icon: {fileID: 0}
  m_NavMeshLayer: 0
  m_StaticEditorFlags: 0
  m_IsActive: 1
--- !u!4 &7179921971686509343
Transform:
  m_ObjectHideFlags: 0
  m_CorrespondingSourceObject: {fileID: 0}
  m_PrefabInstance: {fileID: 0}
  m_PrefabAsset: {fileID: 0}
  m_GameObject: {fileID: 7179921971686509342}
  m_LocalRotation: {x: 0, y: 0, z: 0, w: 1}
  m_LocalPosition: {x: 0, y: 0, z: 0}
  m_LocalScale: {x: 1, y: 1, z: 1}
  m_Children: []
  m_Father: {fileID: 7179921971662189580}
  m_RootOrder: 1
  m_LocalEulerAnglesHint: {x: 0, y: 0, z: 0}
--- !u!1 &7179921971837812631
GameObject:
  m_ObjectHideFlags: 0
  m_CorrespondingSourceObject: {fileID: 0}
  m_PrefabInstance: {fileID: 0}
  m_PrefabAsset: {fileID: 0}
  serializedVersion: 6
  m_Component:
  - component: {fileID: 7179921971837812628}
  - component: {fileID: 7179921971837812626}
  - component: {fileID: 7179921971837812629}
  m_Layer: 5
  m_Name: Panel
  m_TagString: Untagged
  m_Icon: {fileID: 0}
  m_NavMeshLayer: 0
  m_StaticEditorFlags: 0
  m_IsActive: 1
--- !u!224 &7179921971837812628
RectTransform:
  m_ObjectHideFlags: 0
  m_CorrespondingSourceObject: {fileID: 0}
  m_PrefabInstance: {fileID: 0}
  m_PrefabAsset: {fileID: 0}
  m_GameObject: {fileID: 7179921971837812631}
  m_LocalRotation: {x: 0, y: 0, z: 0, w: 1}
  m_LocalPosition: {x: 0, y: 0, z: 0}
  m_LocalScale: {x: 0.3, y: 0.9, z: 0.1}
  m_Children: []
  m_Father: {fileID: 7179921972163104720}
  m_RootOrder: 0
  m_LocalEulerAnglesHint: {x: 0, y: 0, z: 0}
  m_AnchorMin: {x: 0, y: 0}
  m_AnchorMax: {x: 1, y: 1}
  m_AnchoredPosition: {x: 0, y: 0}
  m_SizeDelta: {x: 0, y: 0}
  m_Pivot: {x: 0.5, y: 0.5}
--- !u!222 &7179921971837812626
CanvasRenderer:
  m_ObjectHideFlags: 0
  m_CorrespondingSourceObject: {fileID: 0}
  m_PrefabInstance: {fileID: 0}
  m_PrefabAsset: {fileID: 0}
  m_GameObject: {fileID: 7179921971837812631}
  m_CullTransparentMesh: 0
--- !u!114 &7179921971837812629
MonoBehaviour:
  m_ObjectHideFlags: 0
  m_CorrespondingSourceObject: {fileID: 0}
  m_PrefabInstance: {fileID: 0}
  m_PrefabAsset: {fileID: 0}
  m_GameObject: {fileID: 7179921971837812631}
  m_Enabled: 1
  m_EditorHideFlags: 0
  m_Script: {fileID: 11500000, guid: fe87c0e1cc204ed48ad3b37840f39efc, type: 3}
  m_Name: 
  m_EditorClassIdentifier: 
  m_Material: {fileID: 0}
  m_Color: {r: 1, g: 1, b: 1, a: 0.909}
  m_RaycastTarget: 1
  m_Maskable: 1
  m_OnCullStateChanged:
    m_PersistentCalls:
      m_Calls: []
  m_Sprite: {fileID: 10907, guid: 0000000000000000f000000000000000, type: 0}
  m_Type: 1
  m_PreserveAspect: 0
  m_FillCenter: 1
  m_FillMethod: 4
  m_FillAmount: 1
  m_FillClockwise: 1
  m_FillOrigin: 0
  m_UseSpriteMesh: 0
  m_PixelsPerUnitMultiplier: 1
--- !u!1 &7179921971878894756
GameObject:
  m_ObjectHideFlags: 0
  m_CorrespondingSourceObject: {fileID: 0}
  m_PrefabInstance: {fileID: 0}
  m_PrefabAsset: {fileID: 0}
  serializedVersion: 6
  m_Component:
  - component: {fileID: 7179921971878894757}
  m_Layer: 0
  m_Name: TrackerAnchor
  m_TagString: Untagged
  m_Icon: {fileID: 0}
  m_NavMeshLayer: 0
  m_StaticEditorFlags: 0
  m_IsActive: 1
--- !u!4 &7179921971878894757
Transform:
  m_ObjectHideFlags: 0
  m_CorrespondingSourceObject: {fileID: 0}
  m_PrefabInstance: {fileID: 0}
  m_PrefabAsset: {fileID: 0}
  m_GameObject: {fileID: 7179921971878894756}
  m_LocalRotation: {x: 0, y: 0, z: 0, w: 1}
  m_LocalPosition: {x: 0, y: 0, z: 0}
  m_LocalScale: {x: 1, y: 1, z: 1}
  m_Children: []
  m_Father: {fileID: 7179921973198650300}
  m_RootOrder: 3
  m_LocalEulerAnglesHint: {x: 0, y: 0, z: 0}
--- !u!1 &7179921972163104724
GameObject:
  m_ObjectHideFlags: 0
  m_CorrespondingSourceObject: {fileID: 0}
  m_PrefabInstance: {fileID: 0}
  m_PrefabAsset: {fileID: 0}
  serializedVersion: 6
  m_Component:
  - component: {fileID: 7179921972163104720}
  - component: {fileID: 7179921972163104723}
  - component: {fileID: 7179921972163104722}
  - component: {fileID: 7179921972163104725}
  m_Layer: 5
  m_Name: Canvas
  m_TagString: Untagged
  m_Icon: {fileID: 0}
  m_NavMeshLayer: 0
  m_StaticEditorFlags: 0
  m_IsActive: 0
--- !u!224 &7179921972163104720
RectTransform:
  m_ObjectHideFlags: 0
  m_CorrespondingSourceObject: {fileID: 0}
  m_PrefabInstance: {fileID: 0}
  m_PrefabAsset: {fileID: 0}
  m_GameObject: {fileID: 7179921972163104724}
  m_LocalRotation: {x: 0, y: 0, z: 0, w: 1}
  m_LocalPosition: {x: 0, y: 0, z: 1}
  m_LocalScale: {x: 0.01, y: 0.01, z: 0.01}
  m_Children:
  - {fileID: 7179921971837812628}
  - {fileID: 7179921972990966050}
  m_Father: {fileID: 7179921972561975359}
  m_RootOrder: 0
  m_LocalEulerAnglesHint: {x: 0, y: 0, z: 0}
  m_AnchorMin: {x: 0, y: 0}
  m_AnchorMax: {x: 0, y: 0}
  m_AnchoredPosition: {x: 0, y: 0}
  m_SizeDelta: {x: 100, y: 125}
  m_Pivot: {x: 0.5, y: 0.5}
--- !u!223 &7179921972163104723
Canvas:
  m_ObjectHideFlags: 0
  m_CorrespondingSourceObject: {fileID: 0}
  m_PrefabInstance: {fileID: 0}
  m_PrefabAsset: {fileID: 0}
  m_GameObject: {fileID: 7179921972163104724}
  m_Enabled: 1
  serializedVersion: 3
  m_RenderMode: 2
  m_Camera: {fileID: 0}
  m_PlaneDistance: 100
  m_PixelPerfect: 0
  m_ReceivesEvents: 1
  m_OverrideSorting: 0
  m_OverridePixelPerfect: 0
  m_SortingBucketNormalizedSize: 0
  m_AdditionalShaderChannelsFlag: 25
  m_SortingLayerID: 0
  m_SortingOrder: 0
  m_TargetDisplay: 0
--- !u!114 &7179921972163104722
MonoBehaviour:
  m_ObjectHideFlags: 0
  m_CorrespondingSourceObject: {fileID: 0}
  m_PrefabInstance: {fileID: 0}
  m_PrefabAsset: {fileID: 0}
  m_GameObject: {fileID: 7179921972163104724}
  m_Enabled: 1
  m_EditorHideFlags: 0
  m_Script: {fileID: 11500000, guid: 0cd44c1031e13a943bb63640046fad76, type: 3}
  m_Name: 
  m_EditorClassIdentifier: 
  m_UiScaleMode: 0
  m_ReferencePixelsPerUnit: 100
  m_ScaleFactor: 1
  m_ReferenceResolution: {x: 800, y: 600}
  m_ScreenMatchMode: 0
  m_MatchWidthOrHeight: 0
  m_PhysicalUnit: 3
  m_FallbackScreenDPI: 96
  m_DefaultSpriteDPI: 96
  m_DynamicPixelsPerUnit: 1
--- !u!114 &7179921972163104725
MonoBehaviour:
  m_ObjectHideFlags: 0
  m_CorrespondingSourceObject: {fileID: 0}
  m_PrefabInstance: {fileID: 0}
  m_PrefabAsset: {fileID: 0}
  m_GameObject: {fileID: 7179921972163104724}
  m_Enabled: 1
  m_EditorHideFlags: 0
  m_Script: {fileID: 11500000, guid: dc42784cf147c0c48a680349fa168899, type: 3}
  m_Name: 
  m_EditorClassIdentifier: 
  m_IgnoreReversedGraphics: 1
  m_BlockingObjects: 0
  m_BlockingMask:
    serializedVersion: 2
    m_Bits: 4294967295
--- !u!1 &7179921972339051423
GameObject:
  m_ObjectHideFlags: 0
  m_CorrespondingSourceObject: {fileID: 0}
  m_PrefabInstance: {fileID: 0}
  m_PrefabAsset: {fileID: 0}
  serializedVersion: 6
  m_Component:
  - component: {fileID: 7179921972339051420}
  m_Layer: 0
  m_Name: RightControllerAnchor
  m_TagString: Untagged
  m_Icon: {fileID: 0}
  m_NavMeshLayer: 0
  m_StaticEditorFlags: 0
  m_IsActive: 1
--- !u!4 &7179921972339051420
Transform:
  m_ObjectHideFlags: 0
  m_CorrespondingSourceObject: {fileID: 0}
  m_PrefabInstance: {fileID: 0}
  m_PrefabAsset: {fileID: 0}
  m_GameObject: {fileID: 7179921972339051423}
  m_LocalRotation: {x: 0, y: 0, z: 0, w: 1}
  m_LocalPosition: {x: 0, y: 0, z: 0}
  m_LocalScale: {x: 1, y: 1, z: 1}
  m_Children: []
  m_Father: {fileID: 7179921971662189583}
  m_RootOrder: 1
  m_LocalEulerAnglesHint: {x: 0, y: 0, z: 0}
--- !u!1 &7179921972534723793
GameObject:
  m_ObjectHideFlags: 0
  m_CorrespondingSourceObject: {fileID: 0}
  m_PrefabInstance: {fileID: 0}
  m_PrefabAsset: {fileID: 0}
  serializedVersion: 6
  m_Component:
  - component: {fileID: 7179921972534723806}
  - component: {fileID: 7179921972534723807}
  m_Layer: 0
  m_Name: RightEyeAnchor
  m_TagString: Untagged
  m_Icon: {fileID: 0}
  m_NavMeshLayer: 0
  m_StaticEditorFlags: 0
  m_IsActive: 1
--- !u!4 &7179921972534723806
Transform:
  m_ObjectHideFlags: 0
  m_CorrespondingSourceObject: {fileID: 0}
  m_PrefabInstance: {fileID: 0}
  m_PrefabAsset: {fileID: 0}
  m_GameObject: {fileID: 7179921972534723793}
  m_LocalRotation: {x: 0, y: 0, z: 0, w: 1}
  m_LocalPosition: {x: 0, y: 0, z: 0}
  m_LocalScale: {x: 1, y: 1, z: 1}
  m_Children: []
  m_Father: {fileID: 7179921973198650300}
  m_RootOrder: 2
  m_LocalEulerAnglesHint: {x: 0, y: 0, z: 0}
--- !u!20 &7179921972534723807
Camera:
  m_ObjectHideFlags: 0
  m_CorrespondingSourceObject: {fileID: 0}
  m_PrefabInstance: {fileID: 0}
  m_PrefabAsset: {fileID: 0}
  m_GameObject: {fileID: 7179921972534723793}
  m_Enabled: 0
  serializedVersion: 2
  m_ClearFlags: 1
  m_BackGroundColor: {r: 0.19215687, g: 0.3019608, b: 0.4745098, a: 0}
  m_projectionMatrixMode: 1
  m_GateFitMode: 2
  m_FOVAxisMode: 0
  m_SensorSize: {x: 36, y: 24}
  m_LensShift: {x: 0, y: 0}
  m_FocalLength: 50
  m_NormalizedViewPortRect:
    serializedVersion: 2
    x: 0
    y: 0
    width: 1
    height: 1
  near clip plane: 0.3
  far clip plane: 1000
  field of view: 60
  orthographic: 0
  orthographic size: 5
  m_Depth: 0
  m_CullingMask:
    serializedVersion: 2
    m_Bits: 4294967295
  m_RenderingPath: -1
  m_TargetTexture: {fileID: 0}
  m_TargetDisplay: 0
  m_TargetEye: 2
  m_HDR: 0
  m_AllowMSAA: 1
  m_AllowDynamicResolution: 0
  m_ForceIntoRT: 0
  m_OcclusionCulling: 1
  m_StereoConvergence: 10
  m_StereoSeparation: 0.022
--- !u!1 &7179921972561975358
GameObject:
  m_ObjectHideFlags: 0
  m_CorrespondingSourceObject: {fileID: 0}
  m_PrefabInstance: {fileID: 0}
  m_PrefabAsset: {fileID: 0}
  serializedVersion: 6
  m_Component:
  - component: {fileID: 7179921972561975359}
  - component: {fileID: 7179921972561975354}
  - component: {fileID: 7179921972561975357}
  - component: {fileID: 7179921972561975356}
  m_Layer: 0
  m_Name: CenterEyeAnchor
  m_TagString: MainCamera
  m_Icon: {fileID: 0}
  m_NavMeshLayer: 0
  m_StaticEditorFlags: 0
  m_IsActive: 1
--- !u!4 &7179921972561975359
Transform:
  m_ObjectHideFlags: 0
  m_CorrespondingSourceObject: {fileID: 0}
  m_PrefabInstance: {fileID: 0}
  m_PrefabAsset: {fileID: 0}
  m_GameObject: {fileID: 7179921972561975358}
  m_LocalRotation: {x: 0, y: 0, z: 0, w: 1}
  m_LocalPosition: {x: 0, y: 0, z: 0}
  m_LocalScale: {x: 1, y: 1, z: 1}
  m_Children:
  - {fileID: 7179921972163104720}
  m_Father: {fileID: 7179921973198650300}
  m_RootOrder: 1
  m_LocalEulerAnglesHint: {x: 0, y: 0, z: 0}
--- !u!81 &7179921972561975354
AudioListener:
  m_ObjectHideFlags: 0
  m_CorrespondingSourceObject: {fileID: 0}
  m_PrefabInstance: {fileID: 0}
  m_PrefabAsset: {fileID: 0}
  m_GameObject: {fileID: 7179921972561975358}
  m_Enabled: 1
--- !u!20 &7179921972561975357
Camera:
  m_ObjectHideFlags: 0
  m_CorrespondingSourceObject: {fileID: 0}
  m_PrefabInstance: {fileID: 0}
  m_PrefabAsset: {fileID: 0}
  m_GameObject: {fileID: 7179921972561975358}
  m_Enabled: 1
  serializedVersion: 2
  m_ClearFlags: 1
  m_BackGroundColor: {r: 0.19215687, g: 0.3019608, b: 0.4745098, a: 0.019607844}
  m_projectionMatrixMode: 1
  m_GateFitMode: 2
  m_FOVAxisMode: 0
  m_SensorSize: {x: 36, y: 24}
  m_LensShift: {x: 0, y: 0}
  m_FocalLength: 50
  m_NormalizedViewPortRect:
    serializedVersion: 2
    x: 0
    y: 0
    width: 1
    height: 1
  near clip plane: 0.1
  far clip plane: 1000
  field of view: 90
  orthographic: 0
  orthographic size: 5
  m_Depth: 0
  m_CullingMask:
    serializedVersion: 2
    m_Bits: 4294967295
  m_RenderingPath: 1
  m_TargetTexture: {fileID: 0}
  m_TargetDisplay: 0
  m_TargetEye: 3
  m_HDR: 0
  m_AllowMSAA: 1
  m_AllowDynamicResolution: 0
  m_ForceIntoRT: 0
  m_OcclusionCulling: 1
  m_StereoConvergence: 10
  m_StereoSeparation: 0.022
--- !u!114 &7179921972561975356
MonoBehaviour:
  m_ObjectHideFlags: 0
  m_CorrespondingSourceObject: {fileID: 0}
  m_PrefabInstance: {fileID: 0}
  m_PrefabAsset: {fileID: 0}
  m_GameObject: {fileID: 7179921972561975358}
  m_Enabled: 1
  m_EditorHideFlags: 0
  m_Script: {fileID: 11500000, guid: df8e1d778abf442e4bec449c360e9e1c, type: 3}
  m_Name: 
  m_EditorClassIdentifier: 
  fadeTime: 2
  fadeColor: {r: 0.01, g: 0.01, b: 0.01, a: 1}
  fadeOnStart: 1
  renderQueue: 5000
--- !u!1 &7179921972757474611
GameObject:
  m_ObjectHideFlags: 0
  m_CorrespondingSourceObject: {fileID: 0}
  m_PrefabInstance: {fileID: 0}
  m_PrefabAsset: {fileID: 0}
  serializedVersion: 6
  m_Component:
  - component: {fileID: 7179921971662189580}
  m_Layer: 0
  m_Name: LeftHandAnchor
  m_TagString: Untagged
  m_Icon: {fileID: 0}
  m_NavMeshLayer: 0
  m_StaticEditorFlags: 0
  m_IsActive: 1
--- !u!4 &7179921971662189580
Transform:
  m_ObjectHideFlags: 0
  m_CorrespondingSourceObject: {fileID: 0}
  m_PrefabInstance: {fileID: 0}
  m_PrefabAsset: {fileID: 0}
  m_GameObject: {fileID: 7179921972757474611}
  m_LocalRotation: {x: 0, y: 0, z: 0, w: 1}
  m_LocalPosition: {x: 0, y: 0, z: 0}
  m_LocalScale: {x: 1, y: 1, z: 1}
  m_Children:
  - {fileID: 7182087520323452038}
  - {fileID: 7179921971686509343}
  - {fileID: 7184848101747799645}
  - {fileID: 7179921972879824280}
  m_Father: {fileID: 7179921973198650300}
  m_RootOrder: 4
  m_LocalEulerAnglesHint: {x: 0, y: 0, z: 0}
--- !u!1 &7179921972990966053
GameObject:
  m_ObjectHideFlags: 0
  m_CorrespondingSourceObject: {fileID: 0}
  m_PrefabInstance: {fileID: 0}
  m_PrefabAsset: {fileID: 0}
  serializedVersion: 6
  m_Component:
  - component: {fileID: 7179921972990966050}
  - component: {fileID: 7179921972990966048}
  - component: {fileID: 7179921972990966051}
  - component: {fileID: 7179921972990966049}
  m_Layer: 5
  m_Name: Text
  m_TagString: Untagged
  m_Icon: {fileID: 0}
  m_NavMeshLayer: 0
  m_StaticEditorFlags: 0
  m_IsActive: 1
--- !u!224 &7179921972990966050
RectTransform:
  m_ObjectHideFlags: 0
  m_CorrespondingSourceObject: {fileID: 0}
  m_PrefabInstance: {fileID: 0}
  m_PrefabAsset: {fileID: 0}
  m_GameObject: {fileID: 7179921972990966053}
  m_LocalRotation: {x: 0, y: 0, z: 0, w: 1}
  m_LocalPosition: {x: 0, y: 0, z: 0}
  m_LocalScale: {x: 0.1, y: 0.1, z: 0.1}
  m_Children: []
  m_Father: {fileID: 7179921972163104720}
  m_RootOrder: 1
  m_LocalEulerAnglesHint: {x: 0, y: 0, z: 0}
  m_AnchorMin: {x: 0.5, y: 0.5}
  m_AnchorMax: {x: 0.5, y: 0.5}
  m_AnchoredPosition: {x: 0, y: 0}
  m_SizeDelta: {x: 250, y: 700}
  m_Pivot: {x: 0.5, y: 0.5}
--- !u!222 &7179921972990966048
CanvasRenderer:
  m_ObjectHideFlags: 0
  m_CorrespondingSourceObject: {fileID: 0}
  m_PrefabInstance: {fileID: 0}
  m_PrefabAsset: {fileID: 0}
  m_GameObject: {fileID: 7179921972990966053}
  m_CullTransparentMesh: 0
--- !u!114 &7179921972990966051
MonoBehaviour:
  m_ObjectHideFlags: 0
  m_CorrespondingSourceObject: {fileID: 0}
  m_PrefabInstance: {fileID: 0}
  m_PrefabAsset: {fileID: 0}
  m_GameObject: {fileID: 7179921972990966053}
  m_Enabled: 1
  m_EditorHideFlags: 0
  m_Script: {fileID: 11500000, guid: 5f7201a12d95ffc409449d95f23cf332, type: 3}
  m_Name: 
  m_EditorClassIdentifier: 
  m_Material: {fileID: 0}
  m_Color: {r: 0.19607843, g: 0.19607843, b: 0.19607843, a: 1}
  m_RaycastTarget: 1
  m_Maskable: 1
  m_OnCullStateChanged:
    m_PersistentCalls:
      m_Calls: []
  m_FontData:
    m_Font: {fileID: 10102, guid: 0000000000000000e000000000000000, type: 0}
    m_FontSize: 14
    m_FontStyle: 0
    m_BestFit: 0
    m_MinSize: 1
    m_MaxSize: 40
    m_Alignment: 3
    m_AlignByGeometry: 0
    m_RichText: 1
    m_HorizontalOverflow: 0
    m_VerticalOverflow: 0
    m_LineSpacing: 1
  m_Text: 
--- !u!114 &7179921972990966049
MonoBehaviour:
  m_ObjectHideFlags: 0
  m_CorrespondingSourceObject: {fileID: 0}
  m_PrefabInstance: {fileID: 0}
  m_PrefabAsset: {fileID: 0}
  m_GameObject: {fileID: 7179921972990966053}
  m_Enabled: 1
  m_EditorHideFlags: 0
  m_Script: {fileID: 11500000, guid: 12a1e4a79af8fe849b7a2769ff0d3886, type: 3}
  m_Name: 
  m_EditorClassIdentifier: 
  uiText: {fileID: 7179921972990966051}
--- !u!1 &7179921973198650303
GameObject:
  m_ObjectHideFlags: 0
  m_CorrespondingSourceObject: {fileID: 0}
  m_PrefabInstance: {fileID: 0}
  m_PrefabAsset: {fileID: 0}
  serializedVersion: 6
  m_Component:
  - component: {fileID: 7179921973198650300}
  m_Layer: 0
  m_Name: TrackingSpace
  m_TagString: Untagged
  m_Icon: {fileID: 0}
  m_NavMeshLayer: 0
  m_StaticEditorFlags: 0
  m_IsActive: 1
--- !u!4 &7179921973198650300
Transform:
  m_ObjectHideFlags: 0
  m_CorrespondingSourceObject: {fileID: 0}
  m_PrefabInstance: {fileID: 0}
  m_PrefabAsset: {fileID: 0}
  m_GameObject: {fileID: 7179921973198650303}
  m_LocalRotation: {x: 0, y: 0, z: 0, w: 1}
  m_LocalPosition: {x: 0, y: 0, z: 0}
  m_LocalScale: {x: 1, y: 1, z: 1}
  m_Children:
  - {fileID: 7179921971620415483}
  - {fileID: 7179921972561975359}
  - {fileID: 7179921972534723806}
  - {fileID: 7179921971878894757}
  - {fileID: 7179921971662189580}
  - {fileID: 7179921971662189583}
  m_Father: {fileID: 7179921971662189579}
  m_RootOrder: 0
  m_LocalEulerAnglesHint: {x: 0, y: 0, z: 0}
--- !u!1 &7179921973375089273
GameObject:
  m_ObjectHideFlags: 0
  m_CorrespondingSourceObject: {fileID: 0}
  m_PrefabInstance: {fileID: 0}
  m_PrefabAsset: {fileID: 0}
  serializedVersion: 6
  m_Component:
  - component: {fileID: 7179921971662189583}
  m_Layer: 0
  m_Name: RightHandAnchor
  m_TagString: Untagged
  m_Icon: {fileID: 0}
  m_NavMeshLayer: 0
  m_StaticEditorFlags: 0
  m_IsActive: 1
--- !u!4 &7179921971662189583
Transform:
  m_ObjectHideFlags: 0
  m_CorrespondingSourceObject: {fileID: 0}
  m_PrefabInstance: {fileID: 0}
  m_PrefabAsset: {fileID: 0}
  m_GameObject: {fileID: 7179921973375089273}
  m_LocalRotation: {x: 0, y: 0, z: 0, w: 1}
  m_LocalPosition: {x: 0, y: 0, z: 0}
  m_LocalScale: {x: 1, y: 1, z: 1}
  m_Children:
  - {fileID: 7184607284074555513}
  - {fileID: 7179921972339051420}
  - {fileID: 7179921973483091980}
  m_Father: {fileID: 7179921973198650300}
  m_RootOrder: 5
  m_LocalEulerAnglesHint: {x: 0, y: 0, z: 0}
--- !u!1001 &7179921971475694931
PrefabInstance:
  m_ObjectHideFlags: 0
  serializedVersion: 2
  m_Modification:
    m_TransformParent: {fileID: 7179921971662189583}
    m_Modifications:
    - target: {fileID: 4766092344323370, guid: e201a24a09e942042b93390d0444d728, type: 3}
      propertyPath: m_RootOrder
      value: 0
      objectReference: {fileID: 0}
    - target: {fileID: 4766092344323370, guid: e201a24a09e942042b93390d0444d728, type: 3}
      propertyPath: m_LocalPosition.x
      value: 0
      objectReference: {fileID: 0}
    - target: {fileID: 4766092344323370, guid: e201a24a09e942042b93390d0444d728, type: 3}
      propertyPath: m_LocalPosition.y
      value: 0
      objectReference: {fileID: 0}
    - target: {fileID: 4766092344323370, guid: e201a24a09e942042b93390d0444d728, type: 3}
      propertyPath: m_LocalPosition.z
      value: 0
      objectReference: {fileID: 0}
    - target: {fileID: 4766092344323370, guid: e201a24a09e942042b93390d0444d728, type: 3}
      propertyPath: m_LocalRotation.w
      value: 1
      objectReference: {fileID: 0}
    - target: {fileID: 4766092344323370, guid: e201a24a09e942042b93390d0444d728, type: 3}
      propertyPath: m_LocalRotation.x
      value: -0
      objectReference: {fileID: 0}
    - target: {fileID: 4766092344323370, guid: e201a24a09e942042b93390d0444d728, type: 3}
      propertyPath: m_LocalRotation.y
      value: -0
      objectReference: {fileID: 0}
    - target: {fileID: 4766092344323370, guid: e201a24a09e942042b93390d0444d728, type: 3}
      propertyPath: m_LocalRotation.z
      value: -0
      objectReference: {fileID: 0}
    - target: {fileID: 114460394679914766, guid: e201a24a09e942042b93390d0444d728,
        type: 3}
      propertyPath: _customBones_V2.Array.data[0]
      value: 
      objectReference: {fileID: 7184595574636129309}
    - target: {fileID: 114460394679914766, guid: e201a24a09e942042b93390d0444d728,
        type: 3}
      propertyPath: _customBones_V2.Array.data[1]
      value: 
      objectReference: {fileID: 7184787653093772243}
    - target: {fileID: 114460394679914766, guid: e201a24a09e942042b93390d0444d728,
        type: 3}
      propertyPath: _customBones_V2.Array.data[2]
      value: 
      objectReference: {fileID: 7184606425542472907}
    - target: {fileID: 114460394679914766, guid: e201a24a09e942042b93390d0444d728,
        type: 3}
      propertyPath: _customBones_V2.Array.data[3]
      value: 
      objectReference: {fileID: 7184652715977316271}
    - target: {fileID: 114460394679914766, guid: e201a24a09e942042b93390d0444d728,
        type: 3}
      propertyPath: _customBones_V2.Array.data[4]
      value: 
      objectReference: {fileID: 7181916387833750893}
    - target: {fileID: 114460394679914766, guid: e201a24a09e942042b93390d0444d728,
        type: 3}
      propertyPath: _customBones_V2.Array.data[5]
      value: 
      objectReference: {fileID: 7184451440693669723}
    - target: {fileID: 114460394679914766, guid: e201a24a09e942042b93390d0444d728,
        type: 3}
      propertyPath: _customBones_V2.Array.data[6]
      value: 
      objectReference: {fileID: 7182046363437759787}
    - target: {fileID: 114460394679914766, guid: e201a24a09e942042b93390d0444d728,
        type: 3}
      propertyPath: _customBones_V2.Array.data[7]
      value: 
      objectReference: {fileID: 7181756995503629351}
    - target: {fileID: 114460394679914766, guid: e201a24a09e942042b93390d0444d728,
        type: 3}
      propertyPath: _customBones_V2.Array.data[8]
      value: 
      objectReference: {fileID: 7184817935805035203}
    - target: {fileID: 114460394679914766, guid: e201a24a09e942042b93390d0444d728,
        type: 3}
      propertyPath: _customBones_V2.Array.data[9]
      value: 
      objectReference: {fileID: 7184810556565157039}
    - target: {fileID: 114460394679914766, guid: e201a24a09e942042b93390d0444d728,
        type: 3}
      propertyPath: _customBones_V2.Array.data[10]
      value: 
      objectReference: {fileID: 7181984788692173025}
    - target: {fileID: 114460394679914766, guid: e201a24a09e942042b93390d0444d728,
        type: 3}
      propertyPath: _customBones_V2.Array.data[11]
      value: 
      objectReference: {fileID: 7184625485304636597}
    - target: {fileID: 114460394679914766, guid: e201a24a09e942042b93390d0444d728,
        type: 3}
      propertyPath: _customBones_V2.Array.data[12]
      value: 
      objectReference: {fileID: 7181706473819408235}
    - target: {fileID: 114460394679914766, guid: e201a24a09e942042b93390d0444d728,
        type: 3}
      propertyPath: _customBones_V2.Array.data[13]
      value: 
      objectReference: {fileID: 7184571671850726043}
    - target: {fileID: 114460394679914766, guid: e201a24a09e942042b93390d0444d728,
        type: 3}
      propertyPath: _customBones_V2.Array.data[14]
      value: 
      objectReference: {fileID: 7184518732720165059}
    - target: {fileID: 114460394679914766, guid: e201a24a09e942042b93390d0444d728,
        type: 3}
      propertyPath: _customBones_V2.Array.data[15]
      value: 
      objectReference: {fileID: 7181823581846941401}
    - target: {fileID: 114460394679914766, guid: e201a24a09e942042b93390d0444d728,
        type: 3}
      propertyPath: _customBones_V2.Array.data[16]
      value: 
      objectReference: {fileID: 7181737295387205905}
    - target: {fileID: 114460394679914766, guid: e201a24a09e942042b93390d0444d728,
        type: 3}
      propertyPath: _customBones_V2.Array.data[17]
      value: 
      objectReference: {fileID: 7181703170154395377}
    - target: {fileID: 114460394679914766, guid: e201a24a09e942042b93390d0444d728,
        type: 3}
      propertyPath: _customBones_V2.Array.data[18]
      value: 
      objectReference: {fileID: 7181843554200628379}
    - target: {fileID: 114460394679914766, guid: e201a24a09e942042b93390d0444d728,
        type: 3}
      propertyPath: _customBones_V2.Array.data[19]
      value: 
      objectReference: {fileID: 7184591674557954533}
    - target: {fileID: 114460394679914766, guid: e201a24a09e942042b93390d0444d728,
        type: 3}
      propertyPath: _customBones_V2.Array.data[20]
      value: 
      objectReference: {fileID: 7181556465659285137}
    - target: {fileID: 114460394679914766, guid: e201a24a09e942042b93390d0444d728,
        type: 3}
      propertyPath: _customBones_V2.Array.data[21]
      value: 
      objectReference: {fileID: 7184800233836524455}
    - target: {fileID: 114460394679914766, guid: e201a24a09e942042b93390d0444d728,
        type: 3}
      propertyPath: _customBones_V2.Array.data[22]
      value: 
      objectReference: {fileID: 7181998762964127869}
    - target: {fileID: 114460394679914766, guid: e201a24a09e942042b93390d0444d728,
        type: 3}
      propertyPath: _customBones_V2.Array.data[23]
      value: 
      objectReference: {fileID: 7184692644016911471}
    m_RemovedComponents: []
  m_SourcePrefab: {fileID: 100100000, guid: e201a24a09e942042b93390d0444d728, type: 3}
--- !u!4 &7181706473819408235 stripped
Transform:
  m_CorrespondingSourceObject: {fileID: 4150668574442040, guid: e201a24a09e942042b93390d0444d728,
    type: 3}
  m_PrefabInstance: {fileID: 7179921971475694931}
  m_PrefabAsset: {fileID: 0}
--- !u!4 &7184571671850726043 stripped
Transform:
  m_CorrespondingSourceObject: {fileID: 4658771346061256, guid: e201a24a09e942042b93390d0444d728,
    type: 3}
  m_PrefabInstance: {fileID: 7179921971475694931}
  m_PrefabAsset: {fileID: 0}
--- !u!4 &7184518732720165059 stripped
Transform:
  m_CorrespondingSourceObject: {fileID: 4711711751280016, guid: e201a24a09e942042b93390d0444d728,
    type: 3}
  m_PrefabInstance: {fileID: 7179921971475694931}
  m_PrefabAsset: {fileID: 0}
--- !u!4 &7181998762964127869 stripped
Transform:
  m_CorrespondingSourceObject: {fileID: 4399338005550382, guid: e201a24a09e942042b93390d0444d728,
    type: 3}
  m_PrefabInstance: {fileID: 7179921971475694931}
  m_PrefabAsset: {fileID: 0}
--- !u!4 &7184606425542472907 stripped
Transform:
  m_CorrespondingSourceObject: {fileID: 4764752792678808, guid: e201a24a09e942042b93390d0444d728,
    type: 3}
  m_PrefabInstance: {fileID: 7179921971475694931}
  m_PrefabAsset: {fileID: 0}
--- !u!4 &7181916387833750893 stripped
Transform:
  m_CorrespondingSourceObject: {fileID: 4360771558957118, guid: e201a24a09e942042b93390d0444d728,
    type: 3}
  m_PrefabInstance: {fileID: 7179921971475694931}
  m_PrefabAsset: {fileID: 0}
--- !u!4 &7184451440693669723 stripped
Transform:
  m_CorrespondingSourceObject: {fileID: 4636070314650120, guid: e201a24a09e942042b93390d0444d728,
    type: 3}
  m_PrefabInstance: {fileID: 7179921971475694931}
  m_PrefabAsset: {fileID: 0}
--- !u!4 &7184591674557954533 stripped
Transform:
  m_CorrespondingSourceObject: {fileID: 4777317802294454, guid: e201a24a09e942042b93390d0444d728,
    type: 3}
  m_PrefabInstance: {fileID: 7179921971475694931}
  m_PrefabAsset: {fileID: 0}
--- !u!4 &7184652715977316271 stripped
Transform:
  m_CorrespondingSourceObject: {fileID: 4846004260786940, guid: e201a24a09e942042b93390d0444d728,
    type: 3}
  m_PrefabInstance: {fileID: 7179921971475694931}
  m_PrefabAsset: {fileID: 0}
--- !u!4 &7184607284074555513 stripped
Transform:
  m_CorrespondingSourceObject: {fileID: 4766092344323370, guid: e201a24a09e942042b93390d0444d728,
    type: 3}
  m_PrefabInstance: {fileID: 7179921971475694931}
  m_PrefabAsset: {fileID: 0}
--- !u!4 &7181940355456511073 stripped
Transform:
  m_CorrespondingSourceObject: {fileID: 4314817122003250, guid: e201a24a09e942042b93390d0444d728,
    type: 3}
  m_PrefabInstance: {fileID: 7179921971475694931}
  m_PrefabAsset: {fileID: 0}
--- !u!4 &7184595574636129309 stripped
Transform:
  m_CorrespondingSourceObject: {fileID: 4779998117587278, guid: e201a24a09e942042b93390d0444d728,
    type: 3}
  m_PrefabInstance: {fileID: 7179921971475694931}
  m_PrefabAsset: {fileID: 0}
--- !u!4 &7184787653093772243 stripped
Transform:
  m_CorrespondingSourceObject: {fileID: 4867210645376640, guid: e201a24a09e942042b93390d0444d728,
    type: 3}
  m_PrefabInstance: {fileID: 7179921971475694931}
  m_PrefabAsset: {fileID: 0}
--- !u!4 &7182046363437759787 stripped
Transform:
  m_CorrespondingSourceObject: {fileID: 4492482335422584, guid: e201a24a09e942042b93390d0444d728,
    type: 3}
  m_PrefabInstance: {fileID: 7179921971475694931}
  m_PrefabAsset: {fileID: 0}
--- !u!4 &7181756995503629351 stripped
Transform:
  m_CorrespondingSourceObject: {fileID: 4095757401416052, guid: e201a24a09e942042b93390d0444d728,
    type: 3}
  m_PrefabInstance: {fileID: 7179921971475694931}
  m_PrefabAsset: {fileID: 0}
--- !u!4 &7184817935805035203 stripped
Transform:
  m_CorrespondingSourceObject: {fileID: 4975455595100048, guid: e201a24a09e942042b93390d0444d728,
    type: 3}
  m_PrefabInstance: {fileID: 7179921971475694931}
  m_PrefabAsset: {fileID: 0}
--- !u!4 &7181556465659285137 stripped
Transform:
  m_CorrespondingSourceObject: {fileID: 4001605307124674, guid: e201a24a09e942042b93390d0444d728,
    type: 3}
  m_PrefabInstance: {fileID: 7179921971475694931}
  m_PrefabAsset: {fileID: 0}
--- !u!4 &7184810556565157039 stripped
Transform:
  m_CorrespondingSourceObject: {fileID: 4969639723282940, guid: e201a24a09e942042b93390d0444d728,
    type: 3}
  m_PrefabInstance: {fileID: 7179921971475694931}
  m_PrefabAsset: {fileID: 0}
--- !u!4 &7181984788692173025 stripped
Transform:
  m_CorrespondingSourceObject: {fileID: 4430907584103858, guid: e201a24a09e942042b93390d0444d728,
    type: 3}
  m_PrefabInstance: {fileID: 7179921971475694931}
  m_PrefabAsset: {fileID: 0}
--- !u!4 &7184625485304636597 stripped
Transform:
  m_CorrespondingSourceObject: {fileID: 4747889433240038, guid: e201a24a09e942042b93390d0444d728,
    type: 3}
  m_PrefabInstance: {fileID: 7179921971475694931}
  m_PrefabAsset: {fileID: 0}
--- !u!4 &7184800233836524455 stripped
Transform:
  m_CorrespondingSourceObject: {fileID: 4993161326556916, guid: e201a24a09e942042b93390d0444d728,
    type: 3}
  m_PrefabInstance: {fileID: 7179921971475694931}
  m_PrefabAsset: {fileID: 0}
--- !u!4 &7181823581846941401 stripped
Transform:
  m_CorrespondingSourceObject: {fileID: 4154509707602826, guid: e201a24a09e942042b93390d0444d728,
    type: 3}
  m_PrefabInstance: {fileID: 7179921971475694931}
  m_PrefabAsset: {fileID: 0}
--- !u!4 &7181737295387205905 stripped
Transform:
  m_CorrespondingSourceObject: {fileID: 4113251682903106, guid: e201a24a09e942042b93390d0444d728,
    type: 3}
  m_PrefabInstance: {fileID: 7179921971475694931}
  m_PrefabAsset: {fileID: 0}
--- !u!4 &7181703170154395377 stripped
Transform:
  m_CorrespondingSourceObject: {fileID: 4147382078780322, guid: e201a24a09e942042b93390d0444d728,
    type: 3}
  m_PrefabInstance: {fileID: 7179921971475694931}
  m_PrefabAsset: {fileID: 0}
--- !u!4 &7181843554200628379 stripped
Transform:
  m_CorrespondingSourceObject: {fileID: 4288470492801480, guid: e201a24a09e942042b93390d0444d728,
    type: 3}
  m_PrefabInstance: {fileID: 7179921971475694931}
  m_PrefabAsset: {fileID: 0}
--- !u!4 &7184692644016911471 stripped
Transform:
  m_CorrespondingSourceObject: {fileID: 4806080251670844, guid: e201a24a09e942042b93390d0444d728,
    type: 3}
  m_PrefabInstance: {fileID: 7179921971475694931}
  m_PrefabAsset: {fileID: 0}
--- !u!1001 &7179921972879517560
PrefabInstance:
  m_ObjectHideFlags: 0
  serializedVersion: 2
  m_Modification:
    m_TransformParent: {fileID: 7179921971662189580}
    m_Modifications:
    - target: {fileID: 488160, guid: d9809c5e8418bb047bf2c8ba1d1a2cec, type: 3}
      propertyPath: m_RootOrder
      value: 3
      objectReference: {fileID: 0}
    - target: {fileID: 488160, guid: d9809c5e8418bb047bf2c8ba1d1a2cec, type: 3}
      propertyPath: m_LocalPosition.x
      value: 0
      objectReference: {fileID: 0}
    - target: {fileID: 488160, guid: d9809c5e8418bb047bf2c8ba1d1a2cec, type: 3}
      propertyPath: m_LocalPosition.y
      value: 0
      objectReference: {fileID: 0}
    - target: {fileID: 488160, guid: d9809c5e8418bb047bf2c8ba1d1a2cec, type: 3}
      propertyPath: m_LocalPosition.z
      value: 0
      objectReference: {fileID: 0}
    - target: {fileID: 488160, guid: d9809c5e8418bb047bf2c8ba1d1a2cec, type: 3}
      propertyPath: m_LocalRotation.w
      value: 1
      objectReference: {fileID: 0}
    - target: {fileID: 488160, guid: d9809c5e8418bb047bf2c8ba1d1a2cec, type: 3}
      propertyPath: m_LocalRotation.x
      value: -0
      objectReference: {fileID: 0}
    - target: {fileID: 488160, guid: d9809c5e8418bb047bf2c8ba1d1a2cec, type: 3}
      propertyPath: m_LocalRotation.y
      value: -0
      objectReference: {fileID: 0}
    - target: {fileID: 488160, guid: d9809c5e8418bb047bf2c8ba1d1a2cec, type: 3}
      propertyPath: m_LocalRotation.z
      value: -0
      objectReference: {fileID: 0}
    - target: {fileID: 11479374, guid: d9809c5e8418bb047bf2c8ba1d1a2cec, type: 3}
      propertyPath: m_controller
      value: 16777216
      objectReference: {fileID: 0}
    m_RemovedComponents: []
  m_SourcePrefab: {fileID: 100100000, guid: d9809c5e8418bb047bf2c8ba1d1a2cec, type: 3}
--- !u!4 &7179921972879824280 stripped
Transform:
  m_CorrespondingSourceObject: {fileID: 488160, guid: d9809c5e8418bb047bf2c8ba1d1a2cec,
    type: 3}
  m_PrefabInstance: {fileID: 7179921972879517560}
  m_PrefabAsset: {fileID: 0}
--- !u!1001 &7179921973221873801
PrefabInstance:
  m_ObjectHideFlags: 0
  serializedVersion: 2
  m_Modification:
    m_TransformParent: {fileID: 7179921971662189580}
    m_Modifications:
    - target: {fileID: 4927695388962516, guid: c6a74181d4000004887343fb87b3c53a, type: 3}
      propertyPath: m_RootOrder
      value: 2
      objectReference: {fileID: 0}
    - target: {fileID: 4927695388962516, guid: c6a74181d4000004887343fb87b3c53a, type: 3}
      propertyPath: m_LocalPosition.x
      value: 0
      objectReference: {fileID: 0}
    - target: {fileID: 4927695388962516, guid: c6a74181d4000004887343fb87b3c53a, type: 3}
      propertyPath: m_LocalPosition.y
      value: 0
      objectReference: {fileID: 0}
    - target: {fileID: 4927695388962516, guid: c6a74181d4000004887343fb87b3c53a, type: 3}
      propertyPath: m_LocalPosition.z
      value: 0
      objectReference: {fileID: 0}
    - target: {fileID: 4927695388962516, guid: c6a74181d4000004887343fb87b3c53a, type: 3}
      propertyPath: m_LocalRotation.w
      value: 1
      objectReference: {fileID: 0}
    - target: {fileID: 4927695388962516, guid: c6a74181d4000004887343fb87b3c53a, type: 3}
      propertyPath: m_LocalRotation.x
      value: 0
      objectReference: {fileID: 0}
    - target: {fileID: 4927695388962516, guid: c6a74181d4000004887343fb87b3c53a, type: 3}
      propertyPath: m_LocalRotation.y
      value: 0
      objectReference: {fileID: 0}
    - target: {fileID: 4927695388962516, guid: c6a74181d4000004887343fb87b3c53a, type: 3}
      propertyPath: m_LocalRotation.z
      value: 0
      objectReference: {fileID: 0}
    - target: {fileID: 114674612155881938, guid: c6a74181d4000004887343fb87b3c53a,
        type: 3}
      propertyPath: _customBones_V2.Array.data[0]
      value: 
      objectReference: {fileID: 7184369249438812103}
    - target: {fileID: 114674612155881938, guid: c6a74181d4000004887343fb87b3c53a,
        type: 3}
      propertyPath: _customBones_V2.Array.data[1]
      value: 
      objectReference: {fileID: 7184448474382276733}
    - target: {fileID: 114674612155881938, guid: c6a74181d4000004887343fb87b3c53a,
        type: 3}
      propertyPath: _customBones_V2.Array.data[2]
      value: 
      objectReference: {fileID: 7184709263169657091}
    - target: {fileID: 114674612155881938, guid: c6a74181d4000004887343fb87b3c53a,
        type: 3}
      propertyPath: _customBones_V2.Array.data[3]
      value: 
      objectReference: {fileID: 7184586930842700239}
    - target: {fileID: 114674612155881938, guid: c6a74181d4000004887343fb87b3c53a,
        type: 3}
      propertyPath: _customBones_V2.Array.data[4]
      value: 
      objectReference: {fileID: 7184422292750873067}
    - target: {fileID: 114674612155881938, guid: c6a74181d4000004887343fb87b3c53a,
        type: 3}
      propertyPath: _customBones_V2.Array.data[5]
      value: 
      objectReference: {fileID: 7184392940090767637}
    - target: {fileID: 114674612155881938, guid: c6a74181d4000004887343fb87b3c53a,
        type: 3}
      propertyPath: _customBones_V2.Array.data[6]
      value: 
      objectReference: {fileID: 7181802179651970731}
    - target: {fileID: 114674612155881938, guid: c6a74181d4000004887343fb87b3c53a,
        type: 3}
      propertyPath: _customBones_V2.Array.data[7]
      value: 
      objectReference: {fileID: 7182099193963920121}
    - target: {fileID: 114674612155881938, guid: c6a74181d4000004887343fb87b3c53a,
        type: 3}
      propertyPath: _customBones_V2.Array.data[8]
      value: 
      objectReference: {fileID: 7184410963485273845}
    - target: {fileID: 114674612155881938, guid: c6a74181d4000004887343fb87b3c53a,
        type: 3}
      propertyPath: _customBones_V2.Array.data[9]
      value: 
      objectReference: {fileID: 7184436036480390121}
    - target: {fileID: 114674612155881938, guid: c6a74181d4000004887343fb87b3c53a,
        type: 3}
      propertyPath: _customBones_V2.Array.data[10]
      value: 
      objectReference: {fileID: 7181909430812444685}
    - target: {fileID: 114674612155881938, guid: c6a74181d4000004887343fb87b3c53a,
        type: 3}
      propertyPath: _customBones_V2.Array.data[11]
      value: 
      objectReference: {fileID: 7184515550227603081}
    - target: {fileID: 114674612155881938, guid: c6a74181d4000004887343fb87b3c53a,
        type: 3}
      propertyPath: _customBones_V2.Array.data[12]
      value: 
      objectReference: {fileID: 7184760996753522763}
    - target: {fileID: 114674612155881938, guid: c6a74181d4000004887343fb87b3c53a,
        type: 3}
      propertyPath: _customBones_V2.Array.data[13]
      value: 
      objectReference: {fileID: 7184678711095011673}
    - target: {fileID: 114674612155881938, guid: c6a74181d4000004887343fb87b3c53a,
        type: 3}
      propertyPath: _customBones_V2.Array.data[14]
      value: 
      objectReference: {fileID: 7181952829121229583}
    - target: {fileID: 114674612155881938, guid: c6a74181d4000004887343fb87b3c53a,
        type: 3}
      propertyPath: _customBones_V2.Array.data[15]
      value: 
      objectReference: {fileID: 7184374500874455683}
    - target: {fileID: 114674612155881938, guid: c6a74181d4000004887343fb87b3c53a,
        type: 3}
      propertyPath: _customBones_V2.Array.data[16]
      value: 
      objectReference: {fileID: 7181980960547107359}
    - target: {fileID: 114674612155881938, guid: c6a74181d4000004887343fb87b3c53a,
        type: 3}
      propertyPath: _customBones_V2.Array.data[17]
      value: 
      objectReference: {fileID: 7184719573354343551}
    - target: {fileID: 114674612155881938, guid: c6a74181d4000004887343fb87b3c53a,
        type: 3}
      propertyPath: _customBones_V2.Array.data[18]
      value: 
      objectReference: {fileID: 7181793778668138819}
    - target: {fileID: 114674612155881938, guid: c6a74181d4000004887343fb87b3c53a,
        type: 3}
      propertyPath: _customBones_V2.Array.data[19]
      value: 
      objectReference: {fileID: 7181951655161696403}
    - target: {fileID: 114674612155881938, guid: c6a74181d4000004887343fb87b3c53a,
        type: 3}
      propertyPath: _customBones_V2.Array.data[20]
      value: 
      objectReference: {fileID: 7184739869308066607}
    - target: {fileID: 114674612155881938, guid: c6a74181d4000004887343fb87b3c53a,
        type: 3}
      propertyPath: _customBones_V2.Array.data[21]
      value: 
      objectReference: {fileID: 7184439611287907811}
    - target: {fileID: 114674612155881938, guid: c6a74181d4000004887343fb87b3c53a,
        type: 3}
      propertyPath: _customBones_V2.Array.data[22]
      value: 
      objectReference: {fileID: 7184761511334223055}
    - target: {fileID: 114674612155881938, guid: c6a74181d4000004887343fb87b3c53a,
        type: 3}
      propertyPath: _customBones_V2.Array.data[23]
      value: 
      objectReference: {fileID: 7181891456362868633}
    m_RemovedComponents: []
  m_SourcePrefab: {fileID: 100100000, guid: c6a74181d4000004887343fb87b3c53a, type: 3}
--- !u!4 &7184760996753522763 stripped
Transform:
  m_CorrespondingSourceObject: {fileID: 4876270575425730, guid: c6a74181d4000004887343fb87b3c53a,
    type: 3}
  m_PrefabInstance: {fileID: 7179921973221873801}
  m_PrefabAsset: {fileID: 0}
--- !u!4 &7184848101747799645 stripped
Transform:
  m_CorrespondingSourceObject: {fileID: 4927695388962516, guid: c6a74181d4000004887343fb87b3c53a,
    type: 3}
  m_PrefabInstance: {fileID: 7179921973221873801}
  m_PrefabAsset: {fileID: 0}
--- !u!4 &7184369249438812103 stripped
Transform:
  m_CorrespondingSourceObject: {fileID: 4562126893162318, guid: c6a74181d4000004887343fb87b3c53a,
    type: 3}
  m_PrefabInstance: {fileID: 7179921973221873801}
  m_PrefabAsset: {fileID: 0}
--- !u!4 &7184448474382276733 stripped
Transform:
  m_CorrespondingSourceObject: {fileID: 4641231825944820, guid: c6a74181d4000004887343fb87b3c53a,
    type: 3}
  m_PrefabInstance: {fileID: 7179921973221873801}
  m_PrefabAsset: {fileID: 0}
--- !u!4 &7181802179651970731 stripped
Transform:
  m_CorrespondingSourceObject: {fileID: 4178103343611426, guid: c6a74181d4000004887343fb87b3c53a,
    type: 3}
  m_PrefabInstance: {fileID: 7179921973221873801}
  m_PrefabAsset: {fileID: 0}
--- !u!4 &7182099193963920121 stripped
Transform:
  m_CorrespondingSourceObject: {fileID: 4439640941519472, guid: c6a74181d4000004887343fb87b3c53a,
    type: 3}
  m_PrefabInstance: {fileID: 7179921973221873801}
  m_PrefabAsset: {fileID: 0}
--- !u!4 &7184410963485273845 stripped
Transform:
  m_CorrespondingSourceObject: {fileID: 4524810560304764, guid: c6a74181d4000004887343fb87b3c53a,
    type: 3}
  m_PrefabInstance: {fileID: 7179921973221873801}
  m_PrefabAsset: {fileID: 0}
--- !u!4 &7184739869308066607 stripped
Transform:
  m_CorrespondingSourceObject: {fileID: 4897388692554662, guid: c6a74181d4000004887343fb87b3c53a,
    type: 3}
  m_PrefabInstance: {fileID: 7179921973221873801}
  m_PrefabAsset: {fileID: 0}
--- !u!4 &7184392940090767637 stripped
Transform:
  m_CorrespondingSourceObject: {fileID: 4542833751384476, guid: c6a74181d4000004887343fb87b3c53a,
    type: 3}
  m_PrefabInstance: {fileID: 7179921973221873801}
  m_PrefabAsset: {fileID: 0}
--- !u!4 &7181951655161696403 stripped
Transform:
  m_CorrespondingSourceObject: {fileID: 4325499800668186, guid: c6a74181d4000004887343fb87b3c53a,
    type: 3}
  m_PrefabInstance: {fileID: 7179921973221873801}
  m_PrefabAsset: {fileID: 0}
--- !u!4 &7184374500874455683 stripped
Transform:
  m_CorrespondingSourceObject: {fileID: 4559078275043850, guid: c6a74181d4000004887343fb87b3c53a,
    type: 3}
  m_PrefabInstance: {fileID: 7179921973221873801}
  m_PrefabAsset: {fileID: 0}
--- !u!4 &7184439611287907811 stripped
Transform:
  m_CorrespondingSourceObject: {fileID: 4632502700799338, guid: c6a74181d4000004887343fb87b3c53a,
    type: 3}
  m_PrefabInstance: {fileID: 7179921973221873801}
  m_PrefabAsset: {fileID: 0}
--- !u!4 &7184719573354343551 stripped
Transform:
  m_CorrespondingSourceObject: {fileID: 4913291532809462, guid: c6a74181d4000004887343fb87b3c53a,
    type: 3}
  m_PrefabInstance: {fileID: 7179921973221873801}
  m_PrefabAsset: {fileID: 0}
--- !u!4 &7181793778668138819 stripped
Transform:
  m_CorrespondingSourceObject: {fileID: 4204096449325514, guid: c6a74181d4000004887343fb87b3c53a,
    type: 3}
  m_PrefabInstance: {fileID: 7179921973221873801}
  m_PrefabAsset: {fileID: 0}
--- !u!4 &7181891456362868633 stripped
Transform:
  m_CorrespondingSourceObject: {fileID: 4222966581868304, guid: c6a74181d4000004887343fb87b3c53a,
    type: 3}
  m_PrefabInstance: {fileID: 7179921973221873801}
  m_PrefabAsset: {fileID: 0}
--- !u!4 &7184678711095011673 stripped
Transform:
  m_CorrespondingSourceObject: {fileID: 4837604885819856, guid: c6a74181d4000004887343fb87b3c53a,
    type: 3}
  m_PrefabInstance: {fileID: 7179921973221873801}
  m_PrefabAsset: {fileID: 0}
--- !u!4 &7181952829121229583 stripped
Transform:
  m_CorrespondingSourceObject: {fileID: 4319936315435910, guid: c6a74181d4000004887343fb87b3c53a,
    type: 3}
  m_PrefabInstance: {fileID: 7179921973221873801}
  m_PrefabAsset: {fileID: 0}
--- !u!4 &7184761511334223055 stripped
Transform:
  m_CorrespondingSourceObject: {fileID: 4875755424105542, guid: c6a74181d4000004887343fb87b3c53a,
    type: 3}
  m_PrefabInstance: {fileID: 7179921973221873801}
  m_PrefabAsset: {fileID: 0}
--- !u!4 &7181980960547107359 stripped
Transform:
  m_CorrespondingSourceObject: {fileID: 4417149081627286, guid: c6a74181d4000004887343fb87b3c53a,
    type: 3}
  m_PrefabInstance: {fileID: 7179921973221873801}
  m_PrefabAsset: {fileID: 0}
--- !u!4 &7184709263169657091 stripped
Transform:
  m_CorrespondingSourceObject: {fileID: 4789457035641226, guid: c6a74181d4000004887343fb87b3c53a,
    type: 3}
  m_PrefabInstance: {fileID: 7179921973221873801}
  m_PrefabAsset: {fileID: 0}
--- !u!4 &7184586930842700239 stripped
Transform:
  m_CorrespondingSourceObject: {fileID: 4771060497142086, guid: c6a74181d4000004887343fb87b3c53a,
    type: 3}
  m_PrefabInstance: {fileID: 7179921973221873801}
  m_PrefabAsset: {fileID: 0}
--- !u!4 &7184422292750873067 stripped
Transform:
  m_CorrespondingSourceObject: {fileID: 4511282706868578, guid: c6a74181d4000004887343fb87b3c53a,
    type: 3}
  m_PrefabInstance: {fileID: 7179921973221873801}
  m_PrefabAsset: {fileID: 0}
--- !u!4 &7184515550227603081 stripped
Transform:
  m_CorrespondingSourceObject: {fileID: 4699508361348608, guid: c6a74181d4000004887343fb87b3c53a,
    type: 3}
  m_PrefabInstance: {fileID: 7179921973221873801}
  m_PrefabAsset: {fileID: 0}
--- !u!4 &7181909430812444685 stripped
Transform:
  m_CorrespondingSourceObject: {fileID: 4345738514649220, guid: c6a74181d4000004887343fb87b3c53a,
    type: 3}
  m_PrefabInstance: {fileID: 7179921973221873801}
  m_PrefabAsset: {fileID: 0}
--- !u!4 &7184436036480390121 stripped
Transform:
  m_CorrespondingSourceObject: {fileID: 4515130557893472, guid: c6a74181d4000004887343fb87b3c53a,
    type: 3}
  m_PrefabInstance: {fileID: 7179921973221873801}
  m_PrefabAsset: {fileID: 0}
--- !u!1001 &7179921973483162348
PrefabInstance:
  m_ObjectHideFlags: 0
  serializedVersion: 2
  m_Modification:
    m_TransformParent: {fileID: 7179921971662189583}
    m_Modifications:
    - target: {fileID: 488160, guid: d9809c5e8418bb047bf2c8ba1d1a2cec, type: 3}
      propertyPath: m_RootOrder
      value: 2
      objectReference: {fileID: 0}
    - target: {fileID: 488160, guid: d9809c5e8418bb047bf2c8ba1d1a2cec, type: 3}
      propertyPath: m_LocalPosition.x
      value: 0
      objectReference: {fileID: 0}
    - target: {fileID: 488160, guid: d9809c5e8418bb047bf2c8ba1d1a2cec, type: 3}
      propertyPath: m_LocalPosition.y
      value: 0
      objectReference: {fileID: 0}
    - target: {fileID: 488160, guid: d9809c5e8418bb047bf2c8ba1d1a2cec, type: 3}
      propertyPath: m_LocalPosition.z
      value: 0
      objectReference: {fileID: 0}
    - target: {fileID: 488160, guid: d9809c5e8418bb047bf2c8ba1d1a2cec, type: 3}
      propertyPath: m_LocalRotation.w
      value: 1
      objectReference: {fileID: 0}
    - target: {fileID: 488160, guid: d9809c5e8418bb047bf2c8ba1d1a2cec, type: 3}
      propertyPath: m_LocalRotation.x
      value: -0
      objectReference: {fileID: 0}
    - target: {fileID: 488160, guid: d9809c5e8418bb047bf2c8ba1d1a2cec, type: 3}
      propertyPath: m_LocalRotation.y
      value: -0
      objectReference: {fileID: 0}
    - target: {fileID: 488160, guid: d9809c5e8418bb047bf2c8ba1d1a2cec, type: 3}
      propertyPath: m_LocalRotation.z
      value: -0
      objectReference: {fileID: 0}
    m_RemovedComponents: []
  m_SourcePrefab: {fileID: 100100000, guid: d9809c5e8418bb047bf2c8ba1d1a2cec, type: 3}
--- !u!4 &7179921973483091980 stripped
Transform:
  m_CorrespondingSourceObject: {fileID: 488160, guid: d9809c5e8418bb047bf2c8ba1d1a2cec,
    type: 3}
  m_PrefabInstance: {fileID: 7179921973483162348}
  m_PrefabAsset: {fileID: 0}
--- !u!1001 &7179921973550302574
PrefabInstance:
  m_ObjectHideFlags: 0
  serializedVersion: 2
  m_Modification:
    m_TransformParent: {fileID: 7179921971662189580}
    m_Modifications:
    - target: {fileID: 1870938896605422, guid: 835e735ca71bf78459fb2cababd74112, type: 3}
      propertyPath: m_IsActive
      value: 0
      objectReference: {fileID: 0}
    - target: {fileID: 4453513310108136, guid: 835e735ca71bf78459fb2cababd74112, type: 3}
      propertyPath: m_RootOrder
      value: 0
      objectReference: {fileID: 0}
    - target: {fileID: 4453513310108136, guid: 835e735ca71bf78459fb2cababd74112, type: 3}
      propertyPath: m_LocalPosition.x
      value: 0
      objectReference: {fileID: 0}
    - target: {fileID: 4453513310108136, guid: 835e735ca71bf78459fb2cababd74112, type: 3}
      propertyPath: m_LocalPosition.y
      value: 0
      objectReference: {fileID: 0}
    - target: {fileID: 4453513310108136, guid: 835e735ca71bf78459fb2cababd74112, type: 3}
      propertyPath: m_LocalPosition.z
      value: 0
      objectReference: {fileID: 0}
    - target: {fileID: 4453513310108136, guid: 835e735ca71bf78459fb2cababd74112, type: 3}
      propertyPath: m_LocalRotation.w
      value: 1
      objectReference: {fileID: 0}
    - target: {fileID: 4453513310108136, guid: 835e735ca71bf78459fb2cababd74112, type: 3}
      propertyPath: m_LocalRotation.x
      value: 0
      objectReference: {fileID: 0}
    - target: {fileID: 4453513310108136, guid: 835e735ca71bf78459fb2cababd74112, type: 3}
      propertyPath: m_LocalRotation.y
      value: 0
      objectReference: {fileID: 0}
    - target: {fileID: 4453513310108136, guid: 835e735ca71bf78459fb2cababd74112, type: 3}
      propertyPath: m_LocalRotation.z
      value: 0
      objectReference: {fileID: 0}
    - target: {fileID: 114428879332287356, guid: 835e735ca71bf78459fb2cababd74112,
        type: 3}
      propertyPath: _pointerPoseGO
      value: 
      objectReference: {fileID: 0}
    m_RemovedComponents: []
  m_SourcePrefab: {fileID: 100100000, guid: 835e735ca71bf78459fb2cababd74112, type: 3}
--- !u!4 &7182087520323452038 stripped
Transform:
  m_CorrespondingSourceObject: {fileID: 4453513310108136, guid: 835e735ca71bf78459fb2cababd74112,
    type: 3}
  m_PrefabInstance: {fileID: 7179921973550302574}
  m_PrefabAsset: {fileID: 0}
--- !u!1001 &9188749613485108799
PrefabInstance:
  m_ObjectHideFlags: 0
  serializedVersion: 2
  m_Modification:
    m_TransformParent: {fileID: 7181940355456511073}
    m_Modifications:
    - target: {fileID: 1894754763783763209, guid: 8256ecef39b228541af7f81686fa52fa,
        type: 3}
      propertyPath: m_RootOrder
      value: 2
      objectReference: {fileID: 0}
    - target: {fileID: 1894754763783763209, guid: 8256ecef39b228541af7f81686fa52fa,
        type: 3}
      propertyPath: m_LocalPosition.x
      value: 0
      objectReference: {fileID: 0}
    - target: {fileID: 1894754763783763209, guid: 8256ecef39b228541af7f81686fa52fa,
        type: 3}
      propertyPath: m_LocalPosition.y
      value: 0
      objectReference: {fileID: 0}
    - target: {fileID: 1894754763783763209, guid: 8256ecef39b228541af7f81686fa52fa,
        type: 3}
      propertyPath: m_LocalPosition.z
      value: 0
      objectReference: {fileID: 0}
    - target: {fileID: 1894754763783763209, guid: 8256ecef39b228541af7f81686fa52fa,
        type: 3}
      propertyPath: m_LocalRotation.w
      value: 1
      objectReference: {fileID: 0}
    - target: {fileID: 1894754763783763209, guid: 8256ecef39b228541af7f81686fa52fa,
        type: 3}
      propertyPath: m_LocalRotation.x
      value: 0
      objectReference: {fileID: 0}
    - target: {fileID: 1894754763783763209, guid: 8256ecef39b228541af7f81686fa52fa,
        type: 3}
      propertyPath: m_LocalRotation.y
      value: 0
      objectReference: {fileID: 0}
    - target: {fileID: 1894754763783763209, guid: 8256ecef39b228541af7f81686fa52fa,
        type: 3}
      propertyPath: m_LocalRotation.z
      value: 0
      objectReference: {fileID: 0}
    - target: {fileID: 1894754763783763209, guid: 8256ecef39b228541af7f81686fa52fa,
        type: 3}
      propertyPath: m_LocalEulerAnglesHint.x
      value: 0
      objectReference: {fileID: 0}
    - target: {fileID: 1894754763783763209, guid: 8256ecef39b228541af7f81686fa52fa,
        type: 3}
      propertyPath: m_LocalEulerAnglesHint.y
      value: 0
      objectReference: {fileID: 0}
    - target: {fileID: 1894754763783763209, guid: 8256ecef39b228541af7f81686fa52fa,
        type: 3}
      propertyPath: m_LocalEulerAnglesHint.z
      value: 0
      objectReference: {fileID: 0}
    - target: {fileID: 1899400223120035663, guid: 8256ecef39b228541af7f81686fa52fa,
        type: 3}
      propertyPath: m_Name
      value: SciFiRight
      objectReference: {fileID: 0}
    m_RemovedComponents: []
  m_SourcePrefab: {fileID: 100100000, guid: 8256ecef39b228541af7f81686fa52fa, type: 3}
